<record><leader>00000cas a2200000 a 4500</leader><controlfield tag="001">7642696</controlfield><controlfield tag="008">810805c19159999mduwr ne      0    0eng c</controlfield><datafield ind1=" " ind2=" " tag="010"><subfield code="a">sn 83045829 </subfield></datafield><datafield ind1=" " ind2=" " tag="040"><subfield code="a">MFS</subfield><subfield code="b">eng</subfield><subfield code="c">MFS</subfield><subfield code="d">NPW</subfield><subfield code="d">NPI</subfield><subfield code="d">NJW</subfield><subfield code="d">DLC</subfield><subfield code="d">KNP</subfield><subfield code="d">MFN</subfield><subfield code="d">NYS</subfield><subfield code="d">MGN</subfield><subfield code="d">KNP</subfield><subfield code="d">MGN</subfield><subfield code="d">CNK</subfield><subfield code="d">NYS</subfield><subfield code="d">FUG</subfield><subfield code="d">NVK</subfield><subfield code="d">FUG</subfield><subfield code="d">NVF</subfield><subfield code="d">DLC</subfield><subfield code="d">NVK</subfield><subfield code="d">DCN</subfield><subfield code="d">CVF</subfield><subfield code="d">CUS</subfield><subfield code="d">DLC</subfield><subfield code="d">NYS</subfield><subfield code="d">DLC</subfield><subfield code="d">KRTAS</subfield><subfield code="d">CUI</subfield><subfield code="d">OCLCQ</subfield><subfield code="d">OCLCF</subfield><subfield code="d">OCLCO</subfield><subfield code="d">INU</subfield></datafield><datafield ind1=" " ind2=" " tag="042"><subfield code="a">pcc</subfield></datafield><datafield ind1=" " ind2=" " tag="043"><subfield code="a">n-us-md</subfield></datafield><datafield ind1="0" ind2="0" tag="050"><subfield code="a">Newspaper</subfield></datafield><datafield ind1=" " ind2="4" tag="050"><subfield code="a">E185.5</subfield><subfield code="b">.A3</subfield></datafield><datafield ind1="0" ind2=" " tag="130"><subfield code="a">Afro-American (Baltimore, Md. : 1915)</subfield></datafield><datafield ind1="1" ind2="4" tag="245"><subfield code="a">The Afro-American.</subfield></datafield><datafield ind1="1" ind2="3" tag="246"><subfield code="a">Afro</subfield></datafield><datafield ind1="1" ind2=" " tag="246"><subfield code="a">Baltimore Afro-American</subfield></datafield><datafield ind1="3" ind2=" " tag="246"><subfield code="a">Washington Afro-American &amp; Washington tribune</subfield></datafield><datafield ind1=" " ind2=" " tag="250"><subfield code="a">National ed.</subfield></datafield><datafield ind1=" " ind2=" " tag="260"><subfield code="a">Baltimore [Md.] :</subfield><subfield code="b">Afro-American Co.,</subfield><subfield code="c">1915-</subfield></datafield><datafield ind1=" " ind2=" " tag="300"><subfield code="a">v. :</subfield><subfield code="b">ill. ;</subfield><subfield code="c">54 cm.</subfield></datafield><datafield ind1=" " ind2=" " tag="310"><subfield code="a">Weekly</subfield></datafield><datafield ind1="0" ind2=" " tag="362"><subfield code="a">Vol. 24, no. 16 (Dec. 11, 1915)-</subfield></datafield><datafield ind1=" " ind2=" " tag="500"><subfield code="a">Afro magazine appears, &lt;1928&gt;-1973.</subfield></datafield><datafield ind1=" " ind2=" " tag="500"><subfield code="a">Issues for &lt;June 20/26, 2015-&gt; have titles in identification statement: Baltimore Afro-American; The Washington Afro-American &amp; Washington tribune.</subfield></datafield><datafield ind1=" " ind2=" " tag="530"><subfield code="a">Microfilm available from Recordak. Selected articles available in online version: Afro-American (Baltimore, Md. : 1915 : Online).</subfield></datafield><datafield ind1=" " ind2=" " tag="530"><subfield code="a">Also issued on microfilm from the Library of Congress, Photoduplication Service.</subfield></datafield><datafield ind1=" " ind2=" " tag="530"><subfield code="a">Also issued by subscription via the World Wide Web.</subfield></datafield><datafield ind1=" " ind2=" " tag="580"><subfield code="a">Washington, D.C. editions: Afro-American (Baltimore, Md. : Capital ed.), &lt;Apr. 4, 1931-Aug. 15, 1936&gt;; Washington Afro-American (Washington, D.C. : Red Star ed.), &lt;Aug. 1937&gt;-May 5, 1964; Washington Afro-American and the Washington tribune (Washington, D.C. : Red Star ed.), May 12, 1964-Feb. 2, 1988; Afro-American (Washington, D.C. : 1988 : Red Star ed.), Feb. 9-Aug. 30, 1988.</subfield></datafield><datafield ind1=" " ind2=" " tag="580"><subfield code="a">Special Washington, D.C. editions: Afro-American (Washington, D.C. : Washington ed.),  Aug. 22, 1936-July 31, 1937; Washington Afro American (Washington, D.C.), Aug. 7, 1937-May 9, 1964; Washington Afro-American and the Washington tribune (Washington, D.C. : Blue Star ed.), May 16, 1964-Feb. 18, 1984; Washington Afro-American and the Washington tribune (Washington, D.C. : Capital ed.), Feb. 25, 1984-&lt;June 6/12, 2015&gt;</subfield></datafield><datafield ind1=" " ind2=" " tag="580"><subfield code="a">Philadelphia, Pa. editions: Afro-American (Philadelphia, Pa. : 1934), &lt;Dec. 8, 1934&gt;-Aug. 21, 1937; Philadelphia Afro-American, Aug. 28, 1937-Nov. 13, 1965; Afro-American (Baltimore, Md. : 1965 : Philadelphia ed.), Nov. 20, 1965-&lt;Aug. 17, 1985&gt;</subfield></datafield><datafield ind1=" " ind2=" " tag="580"><subfield code="a">Richmond, Va. editions: Afro-American and the Richmond planet,  June 4, 1938-May 6, 1939; Richmond Afro-American and Richmond planet (Richmond, Va. : 1939), May 13-20, 1939; Richmond Afro-American, May 27, 1939-Nov. 8, 1941; Richmond Afro-American and Richmond planet (Richmond, Va. : 1941), Nov. 15, 1941-Feb. 8/14, 1996.</subfield></datafield><datafield ind1=" " ind2=" " tag="580"><subfield code="a">Other editions: Afro-American (Baltimore, Md. : Harlem ed.), &lt;Jan. 25-Aug. 29, 1936&gt;; New Jersey Afro American, Mar. 15, 1941-&lt;1991&gt;; Afro-American (Baltimore, Md. : National ed.), Mar. 29, 1947-&lt;Dec. 1996?&gt;; Afro-American (Baltimore, Md. : South Carolina-North Carolina ed.), 1954-&lt;Sept. 23, 1978&gt;; Afro-American (National-New England ed.), &lt;Aug. 26, 1978&gt;.</subfield></datafield><datafield ind1=" " ind2=" " tag="580"><subfield code="a">With issue for June 13/19 or June 20/26, 2015, absorbed: Washington Afro-American and the Washington tribune (Washington, D.C. : Capital ed.).  Separate sections contain news for Baltimore and Washington, D.C.</subfield></datafield><datafield ind1=" " ind2=" " tag="588"><subfield code="a">Latest issue consulted: Volume 124, no. 7 (September 19, 2015-September 25, 2015).</subfield></datafield><datafield ind1=" " ind2="0" tag="650"><subfield code="a">African Americans</subfield><subfield code="v">Newspapers.</subfield></datafield><datafield ind1=" " ind2="0" tag="651"><subfield code="a">Baltimore (Md.)</subfield><subfield code="v">Newspapers.</subfield></datafield><datafield ind1=" " ind2="7" tag="650"><subfield code="a">African Americans.</subfield><subfield code="2">fast</subfield><subfield code="0">(OCoLC)fst00799558</subfield></datafield><datafield ind1=" " ind2="7" tag="651"><subfield code="a">Maryland</subfield><subfield code="z">Baltimore.</subfield><subfield code="2">fast</subfield><subfield code="0">(OCoLC)fst01204292</subfield></datafield><datafield ind1=" " ind2="7" tag="655"><subfield code="a">Newspapers.</subfield><subfield code="2">fast</subfield><subfield code="0">(OCoLC)fst01423814</subfield></datafield><datafield ind1=" " ind2=" " tag="752"><subfield code="a">United States</subfield><subfield code="b">Maryland</subfield><subfield code="d">Baltimore.</subfield></datafield><datafield ind1="1" ind2=" " tag="775"><subfield code="t">Afro-American (Baltimore, Md. : 1965 : Philadelphia ed.)</subfield><subfield code="g">Nov. 20, 1965-&lt;Aug. 17, 1985&gt;</subfield><subfield code="w">(DLC)sn 84025927</subfield><subfield code="w">(OCoLC)1478470</subfield></datafield><datafield ind1="1" ind2=" " tag="775"><subfield code="t">Afro-American (Baltimore, Md. : Capital ed.)</subfield><subfield code="g">&lt;Apr. 4, 1931-Aug. 15, 1936&gt;</subfield><subfield code="w">(DLC)sn 84025925</subfield><subfield code="w">(OCoLC)10702187</subfield></datafield><datafield ind1="1" ind2=" " tag="775"><subfield code="t">Afro-American (Baltimore, Md. : Harlem ed.)</subfield><subfield code="g">&lt;Jan. 25, 1936-Aug. 29, 1936&gt;</subfield><subfield code="w">(DLC)sn 96095009</subfield><subfield code="w">(OCoLC)34404500</subfield></datafield><datafield ind1="1" ind2=" " tag="775"><subfield code="t">Afro-American (Baltimore, Md. : National ed.)</subfield><subfield code="g">Mar. 29, 1947-&lt;Dec. 1996?&gt;</subfield><subfield code="w">(DLC)sn 85047583</subfield><subfield code="w">(OCoLC)12049092</subfield></datafield><datafield ind1="1" ind2=" " tag="775"><subfield code="t">Afro-American (Baltimore, Md. : National-New England ed.)</subfield><subfield code="g">&lt;Aug. 26, 1978&gt;</subfield><subfield code="w">(DLC)sn 94059433</subfield><subfield code="w">(OCoLC)31426160</subfield></datafield><datafield ind1="1" ind2=" " tag="775"><subfield code="t">Afro-American (Baltimore, Md. : South Carolina-North Carolina ed.)</subfield><subfield code="g">1954-&lt;Sept. 23, 1978&gt;</subfield><subfield code="w">(DLC)sn 96095004</subfield><subfield code="w">(OCoLC)34404468</subfield></datafield><datafield ind1="1" ind2=" " tag="775"><subfield code="t">Afro-American (Philadelphia, Pa. : 1934)</subfield><subfield code="g">&lt;Dec. 8, 1934&gt;-Aug. 21, 1937</subfield><subfield code="w">(DLC)sn 84025924</subfield><subfield code="w">(OCoLC)10702239</subfield></datafield><datafield ind1="1" ind2=" " tag="775"><subfield code="t">Afro-American (Washington, D.C. : 1988 : Red Star ed.)</subfield><subfield code="g">Feb. 9, 1988-Aug. 30, 1988</subfield><subfield code="w">(DLC)sn 92057030</subfield><subfield code="w">(OCoLC)17795690</subfield></datafield><datafield ind1="1" ind2=" " tag="775"><subfield code="t">Afro-American (Washington, D.C. : Washington ed.)</subfield><subfield code="g">Aug. 22, 1936-July 31, 1937</subfield><subfield code="w">(DLC)sn 96095001</subfield><subfield code="w">(OCoLC)34404244</subfield></datafield><datafield ind1="1" ind2=" " tag="775"><subfield code="t">Afro-American and the Richmond planet</subfield><subfield code="g">June 4, 1938-May 6, 1939</subfield><subfield code="w">(DLC)sn 84025920</subfield><subfield code="w">(OCoLC)10702359</subfield></datafield><datafield ind1="1" ind2=" " tag="775"><subfield code="t">New Jersey Afro American</subfield><subfield code="g">Mar. 15, 1941-&lt;1991&gt;</subfield><subfield code="w">(DLC)sn 84025926</subfield><subfield code="w">(OCoLC)2264866</subfield></datafield><datafield ind1="1" ind2=" " tag="775"><subfield code="t">Philadelphia Afro-American</subfield><subfield code="g">Aug. 28, 1937-Nov. 13, 1965</subfield><subfield code="w">(DLC)sn 83045816</subfield><subfield code="w">(OCoLC)9673741</subfield></datafield><datafield ind1="1" ind2=" " tag="775"><subfield code="t">Richmond Afro-American</subfield><subfield code="g">May 27, 1939-Nov. 8, 1941</subfield><subfield code="w">(DLC)sn 84025922</subfield><subfield code="w">(OCoLC)10702392</subfield></datafield><datafield ind1="1" ind2=" " tag="775"><subfield code="t">Richmond Afro-American and Richmond planet (Richmond, Va. : 1939)</subfield><subfield code="g">May 13, 1939-May 20, 1939</subfield><subfield code="w">(DLC)sn 84025921</subfield><subfield code="w">(OCoLC)10702372</subfield></datafield><datafield ind1="1" ind2=" " tag="775"><subfield code="t">Richmond Afro-American and Richmond planet (Richmond, Va. : 1941)</subfield><subfield code="x">0893-0805</subfield><subfield code="g">Nov. 15, 1941-Feb. 8/14, 1996</subfield><subfield code="w">(DLC)sn 84025923</subfield><subfield code="w">(OCoLC)10702414</subfield></datafield><datafield ind1="1" ind2=" " tag="775"><subfield code="t">Washington Afro American (Washington, D.C.)</subfield><subfield code="g">Aug. 7, 1937-May 9, 1964</subfield><subfield code="w">(DLC)sn 87062261</subfield><subfield code="w">(OCoLC)16156417</subfield></datafield><datafield ind1="1" ind2=" " tag="775"><subfield code="t">Washington Afro-American (Washington, D.C. : Red Star ed.)</subfield><subfield code="x">0043-0447</subfield><subfield code="g">&lt;Aug. 1937&gt;-May 5, 1964</subfield><subfield code="w">(DLC)sn 84025928</subfield><subfield code="w">(OCoLC)2269349</subfield></datafield><datafield ind1="1" ind2=" " tag="775"><subfield code="t">Washington Afro-American and the Washington tribune (Washington, D.C. : Blue Star ed.)</subfield><subfield code="g">May 16, 1964-Feb. 18, 1984</subfield><subfield code="w">(DLC)sn 87062260</subfield><subfield code="w">(OCoLC)16156425</subfield></datafield><datafield ind1="1" ind2=" " tag="775"><subfield code="t">Washington Afro-American and the Washington tribune (Washington, D.C. : Capital ed.)</subfield><subfield code="g">Feb. 25, 1984-&lt;June 6/12, 2015&gt;</subfield><subfield code="x">0276-6523</subfield><subfield code="w">(DLC)sn 92003332</subfield><subfield code="w">(OCoLC)26136335</subfield></datafield><datafield ind1="1" ind2=" " tag="775"><subfield code="t">Washington Afro-American and the Washington tribune (Washington, D.C. : Red Star ed.)</subfield><subfield code="g">May 12, 1964-Feb. 2, 1988</subfield><subfield code="w">(DLC)sn 81003305</subfield><subfield code="w">(OCoLC)7383870</subfield></datafield><datafield ind1="1" ind2=" " tag="776"><subfield code="t">Afro-American (Baltimore, Md. : 1915 : Online)</subfield><subfield code="w">(DLC)sn 99066044</subfield><subfield code="w">(OCoLC)36254643</subfield></datafield><datafield ind1="0" ind2="0" tag="780"><subfield code="t">Afro-American ledger</subfield><subfield code="w">(DLC)sn 83045756</subfield><subfield code="w">(OCoLC)9721724</subfield></datafield><datafield ind1="1" ind2="5" tag="780"><subfield code="t">Washington Afro-American and the Washington tribune (Washington, D.C. : Capital ed.)</subfield><subfield code="x">0276-6523</subfield><subfield code="g">June 13/19 or June 20/26, 2015</subfield><subfield code="w">(DLC)sn 92003332</subfield><subfield code="w">(OCoLC)26136335</subfield></datafield><datafield ind1="4" ind2=" " tag="856"><subfield code="z">Online version</subfield><subfield code="u">http://www.afro.com/</subfield></datafield><datafield ind1="4" ind2="1" tag="856"><subfield code="u">http://www.softlineweb.com/softlineweb/ethnic.htm</subfield></datafield><datafield ind1=" " ind2=" " tag="938"><subfield code="a">Kirtas Technologies, Inc.</subfield><subfield code="b">KRTS</subfield><subfield code="n">735884</subfield></datafield><datafield ind1="1" ind2=" " tag="029"><subfield code="a">AU@</subfield><subfield code="b">000020419609</subfield></datafield></record>